@String(PAMI 	=	{{Transactions on Pattern Analysis and Machine Intelligence (TPAMI)}})
@String(IJCV 	=	{{International Journal of Computer Vision (IJCV)}})
@String(CVPR 	=	{{Computer Vision and Pattern Recognition (CVPR)}})
@String(CVPRW 	=	{{Computer Vision and Pattern Recognition Workshops (CVPRw)}})
@String(ICCV 	=	{{International Conference on Computer Vision ({ICCV})}})
@String(ICCVW 	=	{{International Conference on Computer Vision Workshops (ICCVw)}})
@String(ECCV 	=	{{European Conference on Computer Vision (ECCV)}})
@String(ECCVw	=	{{European Conference on Computer Vision Workshops (ECCVw)}})
@String(ACCVw 	=	{{Asian Conference on Computer Vision Workshops (ACCVw)}})
@String(BMVC 	=	{{British Machine Vision Conference (BMVC)}})
@String(TOG 	=	{{Transactions on Graphics (TOG)}})
@String(SCA 	=	{{Symposium on Computer Animation (SCA)}})
@String(TVCG 	=	{{Transactions on Visualization and Computer Graphics (TVCG)}})
@String(ICLR 	=	{{International Conference on Learning Representations (ICLR)}})
@STRING(I3DV 	=	{{International Conference on 3D Vision (3DV)}})
@STRING(CVIU 	=	{{Computer Vision and Image Understanding (CVIU)}})
@STRING(CGF 	=	{{Computer Graphics Forum (CGF)}})
@STRING(RAM 	=	{{Robotics \& Automation Magazine (RAM)}})
@STRING(CAGD	=	{{Computer Aided Geometric Design (CAGD)}})
@STRING(CG 		=	{{Computers \& Graphics (CG)}})
@STRING(SIGG	=	{{International Conference on Computer Graphics and Interactive Techniques (SIGGRAPH)}})
@STRING(FG 		=	{{International Conference on Automatic Face \& Gesture Recognition (FG)}})
@STRING(AAAI	=	{{AAAI Conference on Artificial Intelligence}})
@String(NEURIPS	=   {{Conference on Neural Information Processing Systems (NeurIPS)}})
@String(TCSVT	=   {{Transactions on Circuits and Systems for Video Technology (TCSVT)}})
@String(I3DPVT	= 	{{{3D} Data Processing, Visualization and Transmission (3DPVT)}})
@String(JMLR	= 	{{Journal of Machine Learning Research (JMLR)}})
@String(ICWSM	= 	{{International Conference on Web and Social Media (ICWSM)}})
@String(CACM	= 	{{Communications of the ACM (CACM)}})
@String(IMWUT	= 	{{Interactive, Mobile, Wearable and Ubiquitous Technologies (IMWUT)}})
@String(TIP	    = 	{{Transactions on Image Processing (TIP)}})
@String(ICPR	= 	{{International Conference on Pattern Recognition (ICPR)}})
@String(WACV	= 	{{Winter Conference on Applications of Computer Vision (WACV)}})
@String(CVWW	= 	{{Computer Vision Winter Workshop (CVWW)}})
@String(COSN	=   {{Conference on Online Social Networks (COSN)}})
@String(CGIP	=   {{Computer Vision, Graphics, and Image Processing (CGIP)}})
@String(MVA	    =   {{Machine Vision and Applications (MVA)}})
@String(SI3D	=   {{Symposium on Interactive 3D Graphics (SI3D)}})
@String(JOV	    =   {{Journal of Vision (JOV)}})
@String(GCPR	=   {{German Conference on Pattern Recognition (GCPR)}})
@String(ICRA	= 	{{International Conference on Robotics and Automation (ICRA)}})
@String(IROS	= 	{{International Conference on Intelligent Robots and Systems (IROS)}})
@String(ICAR	= 	{{International Conference on Advanced Robotics (ICAR)}})
@String(CORL	= 	{{Conference on Robot Learning (CoRL)}})
@String(RSS	    = 	{{Robotics: Science and Systems (RSS)}})
@String(IJRR    = 	{{International Journal of Robotics Research (IJRR)}})
@String(IJHR    = 	{{International Journal of Humanoid Robotics (IJHR)}})
@String(TRO     = 	{{Transactions on Robotics (TRO)}})
@String(TRA     = 	{{Transactions on Robotics and Automation (TRA)}})
@String(RAL     = 	{{Robotics and Automation Letters (RA-L)}})
@String(IJCAI	= 	{{International Joint Conference on Artificial Intelligence (IJCAI)}})
@String(JAIR	= 	{{Journal of Artificial Intelligence Research (JAIR)}})
@String(ICML    =   {{International Conference on Machine Learning (ICML)}})
@String(IVS     =   {{Image and Vision Computing (IVS)}})
@String(ICASSP  =   {{International Conference on Acoustics, Speech and Signal Processing (ICASSP)}})
@String(THMS    =   {{Transactions on Human-Machine Systems (THMS)}})
@String(IVC     =   {{Image and Vision Computing (IVC)}})


@article{privacy-concerns,
	journal =   {California Law Review},
	volume  =   {107},
	pages   =   {1753},
	author  =   {Chesney, B. and Citron, D.},
	title   =   {{Deep Fakes: A Looming Challenge for Privacy}},
	year    =   {2019}
}  


@inproceedings{mesonet,
	title   =   {{MesoNet: a Compact Facial Video Forgery Detection Network}},
	booktitle   =   {IEEE International Workshop on Information Forensics and Security (WIFS)},
	author  =   {Afchar, D. and Nozick, V. and Yamagishi, J. and Echizen, I},
	year    =   {2018},
	pages   =   {1-7}
}

@inproceedings{resnet,
	title   =   {{Deep Residual Learning for Image Recognition}}, 
	author  =   {Kaiming, H. and Xiangyu, Z. and Shaoqing, R. and Jian, S.},
	year    =   {2016},
	booktitle = CVPR,
	pages   =   {770-778}
}

@inProceedings{xception,
	author  =   {Chollet, F},
	title   =   {{Xception: Deep Learning With Depthwise Separable Convolutions}},
	booktitle = CVPR,
	year    =   {2017},
	pages   =   {1251-1258}
} 

@inProceedings{efficientnet,
	title   = 	{{EfficientNet: Rethinking Model Scaling for Convolutional Neural Networks}},
	author  =   {Tan, M. and Le, Q.},
	booktitle = {Proceedings of the 36th International Conference on Machine Learning},
	pages   =   {6105-6114},
	year    =   {2019},
	volume = {97}
}

@inproceedings{transformer,
	author = {Vaswani, A. and Shazeer, N. and Parmar, N. and Uszkoreit, J. and Jones, L. and Gomez, A. N. and Kaiser, L. and Polosukhin, I.},
	booktitle = NEURIPS,
	title = {{Attention is All you Need}},
	volume = {30},
	pages={1-11},
	year = {2017}
}

@article{vit,
	author={Dosovitskiy, A. and Beyer, L. and Kolesnikov, A. and Weissenborn, D. and Zhai, X. and Unterthiner, T. and Dehghani, M. and Minderer, M. and Heigold, G. and Gelly, S. and Uszkoreit, J. and Houlsby, N.},
	title={{An Image is Worth 16x16 Words: Transformers for Image Recognition at Scale}},
	year={2021},
	journal={{arXiv}:2010.11929},
}

@inproceedings{vit_cait,
	author={Touvron, H. and Cord, M. and Sablayrolles, A. and Synnaeve, G. and JÃ©gou, H.},
	title     = {{Going Deeper With Image Transformers}},
	booktitle = ICCV,
	year      = {2021},
	pages     = {32-42}
}

@article{model-quantization-for-vits,
	title={{Model Quantization and Hardware Acceleration for Vision Transformers: A Comprehensive Survey}}, 
	author={Du, D. and Gong, G. and Chu, X.},
	year={2024},
	journal={{arXiv}:2405.00314},
}

@inproceedings{vit_postquant,
	author = {Liu, Z. and Wang, Y. and Han, K. and Zhang, W. and Ma, S. and Gao, W.},
	booktitle = NEURIPS,
	pages = {28092-28103},
	title = {{Post-Training Quantization for Vision Transformer}},
	volume = {34},
	year = {2021}
}

@article{vit_pruning,
	title={Vision Transformer Pruning}, 
	author={Zhu, M. and Tang, Y. and Han, K.},
	year={2021},
	journal={{arXiv}:2104.08500},
}

@inproceedings{vit_distillation,
	title={{Training data-efficient image transformers \& distillation through attention}}, 
	author =       {Touvron, H. and Cord, M. and Douze, M. and Massa, F. and Sablayrolles, A. and Jegou, H.},
	booktitle = 	{Proceedings of the 38th International Conference on Machine Learning},
	pages = 	 {10347-10357},
	year = 	 {2021},
	volume = 	 {139},
}

@article{quant_efficient_nns,
	title={{A Survey of Quantization Methods for Efficient Neural Network Inference}}, 
	author={Gholami, A. and Kim, S. and Dong, Z. and Yao, Z. and Mahoney, M. W. and Keutzer, K.},
	year={2021},
	journal={{arXic}:2103.13630},
}

@article{repquant-post-training-quant,
	title={{RepQuant: Towards Accurate Post-Training Quantization of Large Transformer Models via Scale Reparameterization}}, 
	author={Li, Z. and Liu, X. and Zhang, J. and Gu, Q.},
	year={2024},
	journal={{arXiv}:2402.05628},
}

@article{bitnet,
	title={{BitNet: Scaling 1-bit Transformers for Large Language Models}}, 
	author={Wang, H. and Ma, S. and Dong, L. and Huang, S. and Wang, H. and Ma, L. and Yang, F. and Wang, R. and Wu, Y. and Wei, F.},
	year={2023},
	journal={{arXiv}:2310.11453}
}

@article{bitnet_158,
	title={{The Era of 1-bit LLMs: All Large Language Models are in 1.58 Bits}}, 
	author={Ma, S. and Wang, H. and Ma, L. and Wang, L. and Wang, W. and Huang, S. and Dong, L. and Wang, R. and Xue, J. and Wei, F.},
	year={2024},
	journal={{arXiv}:2402.17764},
}

@article{8bit_mm,
	title={{LLM.int8(): 8-bit Matrix Multiplication for Transformers at Scale}}, 
	author={Dettmers, T. and Lewis, M. and Belkada, Y. and Zettlemoyer, L.},
	year={2022},
	journal={{arXiv}:2208.07339},
}

@article{uadfv,
	title={{Exposing Deep Fakes Using Inconsistent Head Poses}}, 
	author={Xin Yang, X. and Li, Y. and Lyu, S.},
	year={2018},
	journal={{arXiv}:1811.00661},
}

@article{df-timit,
	title={{DeepFakes: a New Threat to Face Recognition? Assessment and Detection}}, 
	author={Korshunov, P. and Marcel, S.},
	year={2018},
	journal={{arXiv}:1812.08685},
}

@InProceedings{faceforensics++,
	author = {Rossler, A. and Cozzolino, D. and Verdoliva, L. and Riess, C. and Thies, J. and Niessner, M.},
	title = {{FaceForensics++: Learning to Detect Manipulated Facial Images}},
	booktitle = ICCV,
	year = {2019},
	pages={1-11}
} 

@misc{googledfd,
	author = {Fufour, N. and Gully, A. Karlsson, P. and vorbyov, A.V. and Leung, T. and Childs, J. and Bregler, C.},
	title = {{Deepfakes detection dataset by google \& jigsaw}},
	year = {2019}
}

@article{dfdc,
	title={{The DeepFake Detection Challenge (DFDC) Dataset}}, 
	author={Dolhansky, B. and Bitton, J. and Pflaum, B. and Lu, J. and Howes, R. and Wang, M. and Ferrer, C. C.},
	year={2020},
	journal={{arXiv}:2006.07397},
}

@article{dfdc-preview,
	title={{The Deepfake Detection Challenge (DFDC) Preview Dataset}}, 
	author={Dolhansky, B. and Howes, R. and Pflaum, B. and Baram, N. and Ferrer, C. C.},
	year={2019},
	journal={{arXiv}:1910.08854},
}

@article{celebdf,
	author       = {Li, Y. and Yang, X. and Sun, P. and Qi, H. and Lyu, S.},
	title        = {{Celeb-DF (v2): {A} New Dataset for DeepFake Forensics}},
	year         = {2019},
	journal       = {{arXiv}:1909.12962},
}

@inproceedings{deeper-forensics,
	author = {Jiang, L. and Li, R. and Wu, W. and Qian, C. and Loy, C. C.},
	title = {DeeperForensics-1.0: A Large-Scale Dataset for Real-World Face Forgery Detection},
	booktitle = CVPR,
	year = {2020},
	pages = {2889-2898}
} 

@inproceedings{deepfake-cli,
	title={{DEEPFAKE CLI: Accelerated Deepfake Detection using FPGAs}}, 
	author={Bhilare, O. and Singh, R. and Paranjape, V. and Chittupalli, S. and Suratkar, S. and Kazi, F.},
	year={2023},
	pages={45-56},
	booktitle={Parallel and Distributed Computing, Applications and Technologies},
}

@inproceedings{inception,
	author = {Szegedy, C. and Liu, W. and Jia, Y. and Sermanet, P. and Reed, S. and Anguelov, D. and Erhan, D. and Vanhoucke, V. and Rabinovich, A.},
	title = {Going Deeper With Convolutions},
	booktitle = CVPR,
	year = {2015},
	pages={1-9}
} 

@inproceedings{exposing-face-warping-artifacts,
	title={{Exposing DeepFake Videos By Detecting Face Warping Artifacts}}, 
	author={Li, Y. and Lyu, S.},
	year={2019},
	booktitle=CVPRw,
	pages={1-7}
}

@inproceedings{vgg16,
	title={{Very Deep Convolutional Networks for Large-Scale Image Recognition}}, 
	author={Simonyan, K. and Zisserman, A.},
	year={2015},
	booktitle = ICLR,
	pages={1-15}
}

@article{fakespotter,
	title={{FakeSpotter: A Simple yet Robust Baseline for Spotting AI-Synthesized Fake Faces}}, 
	author={Wang, R. and Juefei-Xu, F. and Ma, L. and Xie, X. and Huang, Y. and Wang, J. and Liu, Y.},
	year={2020},
	journal={{arXiv}:1909.06122}
}

@inproceedings{vgg-face,
	author={Cao, Q. and Shen, L. and Xie, W. and Parkhi, O. M. and Zisserman, A.},
	booktitle={2018 13th IEEE International Conference on Automatic Face \& Gesture Recognition (FG 2018)}, 
	title={{VGGFace2: A Dataset for Recognising Faces across Pose and Age}}, 
	year={2018},
	pages={67-74},
}

@inproceedings{deepfakes-evolution,
	title={{DeepFakes Evolution: Analysis of Facial Regions and Fake Detection Performance}}, 
	author={Tolosana, R. and Romero-Tapiador, S. and Fierrez, J. and Vera-Rodriguez, R.},
	year={2021},
	booktitle=ICPR,
	pages={442-456}
}

@article{mtcnn,
	title={{Joint Face Detection and Alignment Using Multitask Cascaded Convolutional Networks}},
	volume={23},
	number={10},
	journal={IEEE Signal Processing Letters},
	author={Zhang, K. and Zhang, Z. and Li, Z. and Qiao, Y.},
	year={2016},
	pages={1499â1503} 
}

@InProceedings{dynamic-face-augmentation,
	author    = {Das, S. and Seferbekov, S. and Datta, A. and Islam, Md. S. and Amin, Md. R},
	title     = {{Towards Solving the DeepFake Problem: An Analysis on Improving DeepFake Detection Using Dynamic Face Augmentation}},
	booktitle = ICCVw,
	year      = {2021},
	pages     = {3776-3785}
}

@article{ws-dan,
	title={{See Better Before Looking Closer: Weakly Supervised Data Augmentation Network for Fine-Grained Visual Classification}}, 
	author={Hu, T. and Qi, H. and Huang, Q. and Lu, Y.},
	year={2019},
	journal={{arXiv}:1901.09891},
}

@inproceedings{mixup-augmentation,
	title={{mixup: Beyond Empirical Risk Minimization}},
	author={Zhang, H. and Cisse, M. and Dauphin, Y. N. and Lopez-Paz, D.},
	booktitle=ICLR,
	year={2018},
	pages={1-13}
}

@article{self-supervised-vit,
	title={{Exploring Self-Supervised Vision Transformers for Deepfake Detection: A Comparative Analysis}}, 
	author={Nguyen, H. H.  and Yamagishi, J. and Echizen, I.},
	year={2024},
	journal={{arXiv}:2405.00355},
}

@article{deepfake-conv-vit,
	title={{Deepfake Video Detection Using Convolutional Vision Transformer}}, 
	author={Wodajo, D. and Atnafu, S.},
	year={2021},
	journal={{arXiv}:2102.11126},
}

@inproceedings{combining-efficientnet-vit,
	title={{Combining EfficientNet and Vision Transformers for Video Deepfake Detection}},
	author={Coccomini, D. A. and Messina, N. and Gennaro, C. and Falchi, F.},
	year={2022},
	pages={219â229},
	booktitle={Image Analysis and Processing -- ICIAP 2022}
}

@inproceedings{cross-vit,
	author    = {Chen, C. and Fan, Q. and Panda, R.},
	title     = {{CrossViT: Cross-Attention Multi-Scale Vision Transformer for Image Classification}},
	booktitle = ICCV,
	year      = {2021},
	pages     = {357-366}
}

@article{efficientnet-and-deit,
	title={{Deepfake Detection Scheme Based on Vision Transformer and Distillation}}, 
	author={Heo, Y. and Choi, Y. and Lee, Y. and Kim, B.},
	year={2021},
	journal={{arXiv}:2104.01353},
}

@inproceedings{dino,
	author    = {Caron, M. and Touvron, H. and Misra, I. and J\'egou, H. and Mairal, J. and Bojanowski, P. and Joulin, A.},
	title     = {{Emerging Properties in Self-Supervised Vision Transformers}},
	booktitle = ICCV,
	year      = {2021},
	pages     = {9650-9660}
}

@misc{gpt,
	title={{Language Models are Unsupervised Multitask Learners}},
	author={Radford, A. and Wu, J. and Child, R. and Luan, D. and Amodei, D. and Sutskever, I.},
	year={2019}
}

@inproceedings{vit_lowrank,
	author = {Chen, B. and Dao, T. and Winsor, E. and Song, Z. and Rudra, A.and R\'{e}, C.},
	booktitle = NEURIPS,
	pages = {17413-17426},
	title = {{Scatterbrain: Unifying Sparse and Low-rank Attention}},
	volume = {34},
	year = {2021}
}

@ARTICLE{integer_vit,
	author={Huang, M. and Luo, J. and Ding, C. and Wei, Z. and Huang, S. and Yu, H.},
	journal={IEEE Transactions on Circuits and Systems I: Regular Papers}, 
	title={{An Integer-Only and Group-Vector Systolic Accelerator for Efficiently Mapping Vision Transformer on Edge}}, 
	year={2023},
	volume={70},
	number={12},
	pages={5289-5301},
}

@article{binarized_nn,
	title={{Binarized Neural Networks: Training Deep Neural Networks with Weights and Activations Constrained to +1 or -1}}, 
	author={Courbariaux, M. and Hubara, I. and Soudry, D. and El-Yaniv, R. and Bengio, Y.},
	year={2016},
	journal={{arXiv}:1602.02830},
}

@article{pushing-PTQ-LLMs,
	title={{BiLLM: Pushing the Limit of Post-Training Quantization for LLMs}}, 
	author={Huang, W.  and Liu, Y. and Qin, H. and Li, Y. and Zhang, S. and Liu, X. and Magno, M. and Qi, X.},
	year={2024},
	journal={{arXiv}:2402.04291},
}

@article{GPTQ,
	title={{GPTQ: Accurate Post-Training Quantization for Generative Pre-trained Transformers}}, 
	author={Frantar, E. and Ashkboos, S. and Hoefler, T. and Alistarh, D.},
	year={2023},
	journal={{arXiv}:2210.17323},
}

@inproceedings{QuIP,
	author = {Chee, J. and Cai, Y. and Kuleshov, V. and De Sa, C. M.},
	booktitle = NEURIPS,
	editor = {A. Oh and T. Naumann and A. Globerson and K. Saenko and M. Hardt and S. Levine},
	pages = {4396-4429},
	title = {{QuIP: 2-Bit Quantization of Large Language Models With Guarantees}},
	volume = {36},
	year = {2023}
}

@article{SmoothQuant+,
	title={{SmoothQuant+: Accurate and Efficient 4-bit Post-Training WeightQuantization for LLM}}, 
	author={Pan, J. and Wang, C. and Zheng K. and Li, Y. and Wang, Z. and Feng, B.},
	year={2023},
	journal={{arXiv}:2312.03788},
}

@article{matmul-free-lang-modeling,
	title={{Scalable MatMul-free Language Modeling}}, 
	author={Zhu, R. and Zhang, Y. and Sifferman, E. and Sheaves, T. and Wang, Y. and Richmond, D. and Zhou, P. and Eshraghian, J. K.},
	year={2024},
	journal={{arXiv}:2406.02528},
}

@article{spike_gpt,
	title = {{SpikeGPT: Generative Pre-trained Language Model with Spiking Neural Networks}},
	author = {Zhu, R. and Zhao, Q. and Li, G. and Eshraghian, J. K.},
	journal = {{arXiv}:2302.13939},
	year    = {2023}
}

@article{spiking-nn,
	author = {Maas, W.},
	title = {{Networks of spiking neurons: the third generation of neural network models}},
	year = {1997},
	volume = {14},
	number = {4},
	journal = {Transactions of the Society for Computer Simulation International},
	pages = {1659â1671},
}

@inproceedings{ternary_nn,
	author={Alemdar, H. and Leroy, V. and Prost-Boucle, A. and PÃ©trot, F.},
	booktitle={2017 International Joint Conference on Neural Networks (IJCNN)}, 
	title={{Ternary neural networks for resource-efficient AI applications}}, 
	year={2017},
	pages={2547-2554},
}

@inproceedings{BiViT,
	author    = {He, Y. and Lou, Z. and Zhang, L. and Liu, J. and Wu, W. and Zhou, H. and Zhuang, B.},
	title     = {{BiViT: Extremely Compressed Binary Vision Transformers}},
	booktitle = ICCV,
	year      = {2023},
	pages     = {5651-5663}
}

@InProceedings{BinaryViT,
	author    = {Le, P. C. and Li, X.},
	title     = {{BinaryViT: Pushing Binary Vision Transformers Towards Convolutional Models}},
	booktitle = CVPRw,
	year      = {2023},
	pages     = {4665-4674}
}

@inproceedings{SmoothQuant,
	title = 	 {{SmoothQuant: Accurate and Efficient Post-Training Quantization for Large Language Models}},
	author =       {Xiao, G. and Lin, J. and Seznec, M. and Wu, H. and Demouth, J. and Han, S.},
	booktitle = 	 {Proceedings of the 40th International Conference on Machine Learning},
	pages = 	 {38087-38099},
	year = 	 {2023},
	volume = 	 {202},
	series = 	 {Proceedings of Machine Learning Research},
}

@article{llama,
	title={{LLaMA: Open and Efficient Foundation Language Models}}, 
	author={Touvron, H. and Lavril, T. and Izacard, G. and Martinet, X. and Lachaux, M. and Lacroix, T. and RoziÃ¨re, B. and Goyal, N. and Hambro, E. and Azhar, F. and Rodriguez, A. and Joulin, A. and Grave, E. and Lample, G.},
	year={2023},
	journal={{arXiv}:2302.13971},
}

@inproceedings{pytorch,
	author = {Ansel, J. and Yang, E. and He, H. and Gimelshein, N. and Jain, A. and Voznesensky, M. and Bao, B. and Bell, P. and Berard, D. and Burovski, E. and Chauhan, G. and Chourdia, A. and Constable, W. and Desmaison, A. and DeVito, Z. and Ellison, E. and Feng, W. and Gong, J. and Gschwind, M. and Hirsh, B. and Huang, S. and Kalambarkar, K. and Kirsch, L. and Lazos, M. and Lezcano, M. and Liang, Y. and Liang, J. and Lu, Y. and Luk, C. K. and Maher, B. and Pan, Y. and Puhrsch, C. and Reso, M. and Saroufim, M. and Siraichi, M. Y. and Suk, H. and Zhang, S. and Suo, M. and Tillet, P. and Zhao, X. and Wang, E. and Zhou, K. and Zou, R. and Wang, X. and Mathews, A. and Wen, W. and Chanan, G. and Wu, P. and Chintala, S.},
	title = {{PyTorch 2: Faster Machine Learning Through Dynamic Python Bytecode Transformation and Graph Compilation}},
	year = {2024},
	booktitle = {Proceedings of the 29th ACM International Conference on Architectural Support for Programming Languages and Operating Systems, Volume 2},
	pages = {929â947},
}

@misc{imagenet,
	title={{ImageNet Large Scale Visual Recognition Challenge}}, 
	author={Russakovsky, O. and Deng, J. and Su, H. and Krause, J. and Satheesh, S. and Ma, S. and Huang, Z. and Karpathy, A. and Khosla, A. and Bernstein, M. and Berg, A. C. and Li Fei-Fei, L.},
	year={2015},
	journal={International Journal of Computer Vision},
	volume={115},
	pages={211â252}
}

@InProceedings{JFT-300M,
	author = {Sun, C. and Shrivastava, A. and Singh, S. and Gupta, A.},
	title = {{Revisiting Unreasonable Effectiveness of Data in Deep Learning Era}},
	booktitle = ICCV,
	year = {2017},
	pages={843-852}
} 

@inproceedings{cnn-vs-transformers,
	author={Thing, V. L.L.},
	booktitle={2023 IEEE International Conference on Cyber Security and Resilience (CSR)}, 
	title={{Deepfake Detection with Deep Learning: Convolutional Neural Networks versus Transformers}}, 
	year={2023},
	pages={246-253},
}

@inproceedings{huggingface-datasets,
	title = {{Datasets: A Community Library for Natural Language Processing}},
	author = {Lhoest, Q.  and Villanova del Moral, A.  and Jernite, Y.  and Thakur, A.  and von Platen, P.  and Patil, S.  and Chaumond, J.  and Drame, M.  and Plu, J.  and Tunstall, L.  and Davison, J.  and {\v{S}}a{\v{s}}ko, M.  and Chhablani, G.  and Malik, B.  and Brandeis, Simon  and Le Scao, T.  and Sanh, V.  and Xu, C.  and Patry, N.  and McMillan-Major, A.  and Schmid, P.  and Gugger, S.  and Delangue, C. and Matussi{\`e}re, T. and Debut, L. and Bekman, S. and Cistac, P. and Goehringer, T.  and Mustar, V. and Lagunas, F.  and Rush, A. and Wolf, T.},
	booktitle = {Proceedings of the 2021 Conference on Empirical Methods in Natural Language Processing: System Demonstrations},
	year = {2021},
	pages = {175-184},
}

@article{alexnet,
	author = {Krizhevsky, A. and Sutskever, I. and Hinton, G. E.},
	title = {{ImageNet classification with deep convolutional neural networks}},
	year = {2017},
	volume = {60},
	number = {6},
	journal = CACM,
	pages = {84â90},
}

@inproceedings{randaugment-augmentation,
	author = {Cubuk, E. D. and Zoph, B. and Shlens, J. and Le, Q. V.},
	title = {{Randaugment: Practical Automated Data Augmentation With a Reduced Search Space}},
	booktitle = CVPRw,
	year = {2020},
	pages={702-703}
} 

@inproceedings{cutmix-augmentation,
	author = {Yun, S. and Han, D. and Oh, S. J. and Chun, S. and Choe, J. and Yoo, Y.},
	title = {CutMix: Regularization Strategy to Train Strong Classifiers With Localizable Features},
	booktitle = ICCV,
	year = {2019},
	pages={6023-6032}
}

@article{cutout-augmentation,  
	title={{Improved Regularization of Convolutional Neural Networks with Cutout}},  
	author={DeVries, T. and Taylor, G. W.},  
	journal={{arXiv}: 1708.04552},  
	year={2017}  
}

@article{vit_smallsize,
	author={Lee, S. H. and Lee, S. and Song, B. C.},
	title={{Vision Transformer for Small-Size Datasets}},
	year={2021},
	journal={{arXiv}:2112.13492},
}

@misc{pillow,
	title={{Pillow (PIL Fork) Documentation}},
	author={Clark, A.},
	year={2015},
	journal={readthedocs},
	howpublished  =   {\url{https://buildmedia.readthedocs.org/media/pdf/pillow/latest/pillow.pdf}},
}

@article{vit_imagenet,
	title={{Better plain ViT baselines for ImageNet-1k}}, 
	author={Beyer, L. and Zhai, X. and Kolesnikov, A.},
	year={2022},
	journal={{arXiv}:2205.01580},
}

@article{how-to-train-your-vit,
	title={{How to train your ViT? Data, Augmentation, and Regularization in Vision Transformers}}, 
	author={Steiner, A. and Kolesnikov, A. and Zhai, X. and Wightman, R. and Uszkoreit, J. and Beyer, L.},
	year={2022},
	journal={{arXiv}:2106.10270},
}

@inproceedings{rmsnorm,
	author = {Zhang, B. and Sennrich, R.},
	booktitle = NEURIPS,
	title = {{Root Mean Square Layer Normalization}},
	volume = {32},
	year = {2019},
	pages={1-12}
}

@inproceedings{self-supervised-vit-empirical-study,
	author    = {Chen, X. and Xie, S. and He, K.},
	title     = {{An Empirical Study of Training Self-Supervised Vision Transformers}},
	booktitle = ICCV,
	year      = {2021},
	pages     = {9640-9649}
}

@article{layernorm,
	title={{Layer Normalization}}, 
	author={Ba, J. L. and Kiros, J. R. and Hinton, G. E.},
	year={2016},
	journal={{arXiv}:1607.06450},
}

@article{gelu,
	title={{Gaussian Error Linear Units (GELUs)}}, 
	author={Hendrycks, D. and Gimpel, K.},
	year={2023},
	journal={{arXiv}:1606.08415},
}

@article{relu,
	title={{Deep Learning using Rectified Linear Units (ReLU)}}, 
	author={Agarap, A. F.},
	year={2019},
	journal={{arXiv}:1803.08375},
}

@inproceedings{flash-attention,
	author = {Dao, T. and Fu, D. and Ermon, S. and Rudra, A. and R\'{e}, C.},
	booktitle = {Advances in Neural Information Processing Systems},
	pages = {16344-16359},
	title = {{FlashAttention: Fast and Memory-Efficient Exact Attention with IO-Awareness}},
	volume = {35},
	year = {2022}
}

@InProceedings{linear-attention,
	title = 	 {{Transformers are RNNs: Fast Autoregressive Transformers with Linear Attention}},
	author =       {Katharopoulos, A. and Vyas, A. and Pappas, N. and Fleuret, F},
	booktitle = 	 {Proceedings of the 37th International Conference on Machine Learning},
	pages = 	 {5156-5165},
	year = 	 {2020},
	volume = 	 {119},
}

@article{dropout,
	author={Srivastava, N. and Hinton, G. and Krizhevsky, A. and Sutskever, I. and Salakhutdinov, R.},
	title   = {{Dropout: A Simple Way to Prevent Neural Networks from Overfitting}},
	journal = JMLR,
	year    = {2014},
	volume  = {15},
	number  = {56},
	pages   = {1929-1958},
}

@InProceedings{stochastic-depth,
	author={Huang, Gao and Sun, Yu and Liu, Z. and Sedra, D.
	and Weinberger, K.},
	title={{Deep Networks with Stochastic Depth}},
	booktitle=ECCV,
	year={2016},
	pages={646-661},
}
@InProceedings{kaiming_init,
	author = {He, K. and Zhang, X. and Ren, S. and Sun, J.},
	title = {{Delving Deep into Rectifiers: Surpassing Human-Level Performance on ImageNet Classification}},
	booktitle = ICCV,
	year = {2015},
	pages={1026-1034}
} 

@InProceedings{xavier_init,
	title = 	 {{Understanding the difficulty of training deep feedforward neural networks}},
	author = 	 {Glorot, X. and Bengio, Y.},
	booktitle = 	 {Proceedings of the Thirteenth International Conference on Artificial Intelligence and Statistics},
	pages = 	 {249-256},
	year = 	 {2010},
	volume = 	 {9},
}

@article{STEs,
	title={{Estimating or Propagating Gradients Through Stochastic Neurons for Conditional Computation}}, 
	author={Bengio, Y. and LÃ©onard, N. and Courville, A.},
	year={2013},
	journal={{arXiv}:1308.3432},
}

@article{distilling,
	title={{Distilling the Knowledge in a Neural Network}}, 
	author={Hinton, G. and Vinyals, O. and Dean, J.},
	year={2015},
	journal={{arXiv}:1503.02531},
}

@inproceedings{AdamW,
	title={{Decoupled Weight Decay Regularization}}, 
	author={Loshchilov, I. and Hutter, F.},
	year={2019},
	booktitle=ICLR,
	pages={1-18}
}

@InProceedings{weightdecay_faq,
	title = 	 {{How Do Adam and Training Strategies Help BNNs Optimization}},
	author =       {Liu, Z. and Shen, Z. and Li, S. and Helwegen, K. and Huang, D. and Cheng, K.},
	booktitle = 	 {Proceedings of the 38th International Conference on Machine Learning},
	pages = 	 {6936-6946},
	year = 	 {2021},
}

@inproceedings{cosineannealing,
	title={{SGDR}: Stochastic Gradient Descent with Warm Restarts},
	author={Loshchilov, I. and Hutter, F.},
	booktitle=ICLR,
	year={2017},
	pages={1-16}
}

@inproceedings{efficientnetv2,
	title	= {{EfficientNetV2: Smaller Models and Faster Training}},
	author	= {Tan, M. and Le, Q. V.},
	booktitle = {Proceedings of the 38th International Conference on Machine Learning},
	year	= {2021},
	pages={10096-10106}
}

@inproceedings{8bit,
	title={{8-bit Optimizers via Block-wise Quantization}},
	author={Dettmers, T. and Lewis, M. and Shleifer, S. and Zettlemoyer, L.},
	booktitle=ICLR,
	year={2022},
	pages={1-20}
}

@article{row-wise-quant,
	title={{FBGEMM: Enabling High-Performance Low-Precision Deep Learning Inference}}, 
	author={Khudia, D. and Huang, J. and Basu, P. and Deng, S. and Liu, H. and Park, J. and Smelyanskiy, M.},
	journal={{arXiv:2101.05615}},
	year={2021},
}

@inproceedings{paged-attention,
	author = {Kwon, W. and Li, Z. and Zhuang, S. and Sheng, Y. and Zheng, L. and Yu, C. H. and Gonzalez, J. and Zhang, H. and Stoica, I.},
	title = {{Efficient Memory Management for Large Language Model Serving with PagedAttention}},
	year = {2023},
	booktitle = {{Proceedings of the 29th Symposium on Operating Systems Principles}},
	pages = {611â626},
}


@InProceedings{speculative-decoding,
	title = 	 {{Fast Inference from Transformers via Speculative Decoding}},
	author =       {Leviathan, Y. and Kalman, M. and Matias, Y.},
	booktitle = 	 {{Proceedings of the 40th International Conference on Machine Learning}},
	pages = 	 {19274-19286},
	year = 	 {2023},
	volume = 	 {202},
}
