@inproceedings{le2023binaryvit,
	title={BinaryViT: pushing binary vision transformers towards convolutional models},
	author={Le, Phuoc-Hoan Charles and Li, Xinlin},
	booktitle={Proceedings of the IEEE/CVF Conference on Computer Vision and Pattern Recognition},
	pages={4664--4673},
	year={2023}
}




@article{DBLP:journals/corr/abs-2112-13492,
	author       = {Seung Hoon Lee and
	Seunghyun Lee and
	Byung Cheol Song},
	title        = {Vision Transformer for Small-Size Datasets},
	journal      = {CoRR},
	volume       = {abs/2112.13492},
	year         = {2021},
	url          = {https://arxiv.org/abs/2112.13492},
	eprinttype    = {arXiv},
	eprint       = {2112.13492},
	timestamp    = {Tue, 04 Jan 2022 15:59:27 +0100},
	biburl       = {https://dblp.org/rec/journals/corr/abs-2112-13492.bib},
	bibsource    = {dblp computer science bibliography, https://dblp.org}
}


